@IEEEtranBSTCTL{IEEEexample:BSTcontrol,
    CTLuse_forced_etal="yes",
    CTLmax_names_forced_etal="6",
    CTLnames_show_etal="6"
}

@electronic{stackoverflow-developer-survey-2022-most-popular-os,
    url={https://survey.stackoverflow.co/2022#section-most-popular-technologies-operating-system},
    year={2022},
    month=jun # "~22",
    author={{Stack Overflow}},
    title={{2022 Stack Overflow Developer Survey}}
}

@electronic{stackoverflow-developer-survey-2023-most-popular-os,
    url={https://survey.stackoverflow.co/2023/#section-most-popular-technologies-operating-system},
    year={2023},
    month=jun # "~13",
    author={{Stack Overflow}},
    title={{2023 Stack Overflow Developer Survey}}
}

@electronic{jekyll-windows-unofficially-supported,
    url={https://jekyllrb.com/docs/installation/windows/},
    year={2022},
    month=jun # "~21",
    author={{Jekyll}},
    title={{Jekyll on Windows}}
}

@electronic{zdnet-alexa-website-ranking-linux-dominance,
    url={https://www.zdnet.com/home-and-office/networking/can-the-internet-exist-without-linux/},
    year={2015},
    month=oct # "~15",
    author={Steven Vaughan-Nichols},
    title={Can the Internet exist without {Linux}?}
}

@electronic{linux-dominance-on-public-cloud,
    url={https://www.developer.com/news/90-of-the-public-cloud-runs-on-linux/},
    year={2017},
    month=oct # "~25",
    author={{Developer.com staff}},
    title={90\% of the Public Cloud Runs on {Linux}}
}

@electronic{some-background-on-why-bouow-was-planned,
    url={https://blogs.windows.com/windowsdeveloper/2016/03/30/run-bash-on-ubuntu-on-windows/},
    year={2016},
    month=mar # "~30",
    author={Mike Harsh},
    title={Run {Bash on Ubuntu on Windows}}
}

@electronic{bouow-release-article,
    url={https://devblogs.microsoft.com/commandline/bash-on-ubuntu-on-windows-download-now-3/},
    year={2016},
    month=apr # "~6",
    author={Rich Turner},
    title={{Bash on Ubuntu on Windows} – Download Now!}
}

@electronic{bringing-afunix-to-windows,
    url={https://devblogs.microsoft.com/commandline/af_unix-comes-to-windows/},
    year={2017},
    month=sep # "~21",
    author={Sarah Cooley},
    title={{AF\_UNIX} comes to {Windows}}
}

@electronic{github-issues-afunix-not-supported-in-wsl2,
    url={https://github.com/microsoft/WSL/issues/8321#issuecomment-1110263384},
    year={2022},
    month=apr # "~27",
    author={Craig Loewen},
    title={Comment on "{Connection} refused when using {WSL}/{Windows} {Unix} Socket interop"},
}

@electronic{dbus-main-project-page,
    url={https://www.freedesktop.org/wiki/Software/dbus/},
    year={2022},
    month=feb # "~28",
    author={{FreeDesktop Group authors}},
    title={{D-Bus}}
}

@manual{xdg-desktop-notifications-specification,
    url={https://specifications.freedesktop.org/notification-spec/notification-spec-latest.html},
    organization={FreeDesktop Group},
    author={Mike Hearn and Christian Hammond and William Jon McCann},
    title={{Desktop Notifications Specification}},
    note={Version 1.2}
}

@manual{xdg-mpris-specification,
    url={https://specifications.freedesktop.org/mpris-spec/latest/},
    year={2012},
    organization={FreeDesktop Group},
    author={Mirsal Ennaime and Rafaël Carré and Jean-Paul Saman and Milosz Derezynski and Nick Welch and Alex Merry},
    title={{MPRIS} {D-Bus} Interface Specification},
    note={Version 2.2}
}

@electronic{official-introduction-to-dbus,
    url={https://www.freedesktop.org/wiki/IntroductionToDBus/},
    year={2021},
    month=may # "~7",
    author={Jeroen Vermeulen},
    title={Introduction to {D-Bus}}
}

@electronic{qt-introduction-to-dbus,
    url={https://doc.qt.io/qt-6.5/qtdbus-overview.html},
    year={2023},
    author={{The Qt Company}},
    title={{Qt} {D-Bus} Overview}
}

@electronic{kde-introduction-to-dbus,
    url={https://develop.kde.org/docs/features/d-bus/introduction_to_dbus/},
    year={2023},
    month=may # "~14",
    author={KDE contributors},
    title={Introduction to {D-Bus}}
}

@inproceedings{will2020trusted,
  title={A trusted message bus built on top of D-Bus},
  author={Will, Newton C and Heinrich, Tiago and Viescinski, Amanda B and Maziero, Carlos A},
  booktitle={Anais do XX Simp{\'o}sio Brasileiro em Seguran{\c{c}}a da Informa{\c{c}}{\~a}o e de Sistemas Computacionais},
  pages={175--187},
  year={2020},
  organization={SBC}
}

@techreport{problems-in-http-long-polling,
    title={Known issues and best practices for the use of long polling and streaming in bidirectional http},
    author={Loreto, Salvatore and Saint-Andre, Peter and Salsano, Stefano and Wilkins, Greg},
    year={2011}
}

@electronic{msdocs-run-windows-tools-from-linux,
    url={https://learn.microsoft.com/en-us/windows/wsl/filesystems#run-windows-tools-from-linux},
    year={2022},
    month=mar # "~3",
    author={Craig Loewen and Alma Jenks and Matt Wojciakowski},
    title={Working across {Windows} and {Linux} file systems}
}

@manual{dbus-daemon-man-page,
    url={https://dbus.freedesktop.org/doc/dbus-daemon.1.html},
    year={2023},
    month=aug # "~21",
    author={{D-Bus authors}},
    title={{dbus-daemon — Message bus daemon}}
}

@electronic{tied-stdin-and-stdout-ascii-diagram-source,
    url={https://superuser.com/questions/1101447/two-programs-having-their-stdin-and-stdout-tied}
}

@manual{dbus-specification,
    url={https://dbus.freedesktop.org/doc/dbus-specification.html},
    author={Havoc Pennington and Anders Carlsson and Alexander Larsson and Sven Herzberg and Simon McVittie and David Zeuthen},
    year={2023},
    month=aug # "~21",
    title={D-Bus Specification},
    note={Version 0.42}
}

@article{garcia2014analysis,
  title={Analysis of operating system diversity for intrusion tolerance},
  author={Garcia, Miguel and Bessani, Alysson and Gashi, Ilir and Neves, Nuno and Obelheiro, Rafael},
  journal={Softw. Pract. Exper},
  volume={44},
  pages={735--770},
  year={2014},
  publisher={Citeseer}
}

@electronic{origin-of-the-shell-name,
    url={https://multicians.org/shell.html},
    year={2000},
    month=nov # "~25",
    author={Louis Pouzin},
    title={The Origin of the Shell}
}

@electronic{shell-jargon-explanation,
    url={http://www.catb.org/jargon/html/S/shell.html},
    year={2003},
    month=dec # "~29",
    author={{The Jargon Files editors}},
    title={{Jargon Files 4.4.7}}
}

@article{kidwai2021comparative,
  title={A comparative study on shells in Linux: A review},
  author={Kidwai, Abdullah and Arya, Chandrakala and Singh, Prabhishek and Diwakar, Manoj and Singh, Shilpi and Sharma, Kanika and Kumar, Neeraj},
  journal={Materials Today: Proceedings},
  volume={37},
  pages={2612--2616},
  year={2021},
  publisher={Elsevier}
}

@inproceedings{atlidakis2016posix,
  title={POSIX abstractions in modern operating systems: The old, the new, and the missing},
  author={Atlidakis, Vaggelis and Andrus, Jeremy and Geambasu, Roxana and Mitropoulos, Dimitris and Nieh, Jason},
  booktitle={Proceedings of the Eleventh European Conference on Computer Systems},
  pages={1--17},
  year={2016}
}

@mastersthesis{olsen-2022-through-the-wormhole,
    title={Through the {Wormhole}: Cross-{OS} Desktop Integration for {Linux} Applications},
    author={Olsen, John Ingve},
    year={2022},
    school={University of Oslo},
    address={Oslo, Norway}
}

@electronic{systemd-support-is-now-available-in-wsl,
    url={https://devblogs.microsoft.com/commandline/systemd-support-is-now-available-in-wsl/},
    year={2022},
    month=sep # "~21",
    author={Craig Loewen},
    title={Systemd support is now available in {WSL}!}
}

@electronic{ubuntu-2304-release-roundup-systemd-now-becomes-default-for-ubuntu-on-wsl,
    url={https://canonical.com/blog/ubuntu-desktop-23-04-release-roundup},
    year={2023},
    month=apr # "~20",
    author={Oliver Smith},
    title={{Ubuntu} Desktop 23.04 release roundup}
}

@mastersthesis{weber2015notifications,
  title={Notifications in a multi-device environment},
  author={Weber, Dominik},
  year={2015}
}

@electronic{dbus-bus-illustration,
    url={https://commons.wikimedia.org/wiki/File:Processes_with_D-Bus.svg},
    year={2015},
    month=oct # "~6",
    author={Javier Cantero},
    name={A group of processes communicating using one-to-one {IPC} mechanisms}
}

@manual{notify-send-man-page,
    url={https://manpages.ubuntu.com/manpages/jammy/man1/notify-send.1.html},
    year={2022},
    author={Andre Filipe de Assuncao e Brito and Paul van Tilburg and Riccardo Setti},
    title={{Ubuntu Manpage: notify-send - a program to send desktop notifications}}
}

@electronic{gnome-hig-notifications,
    url={https://wiki.gnome.org/Design/OS/Notifications},
    year={2015},
    month=jun # "~25",
    author={{GNOME UX Design Team}},
    title={Notifications}
}

@electronic{microsoft-docs-manual-control-of-the-smtc,
    url={https://learn.microsoft.com/en-us/windows/uwp/audio-video-camera/system-media-transport-controls},
    year={2022},
    month=oct # "~21",
    author={Drew Batchelor and Matt Wojciakowski},
    title={Manual control of the {System Media Transport Controls}}
}

@electronic{microsoft-toast-notification-overview,
    url={https://learn.microsoft.com/en-us/previous-versions/windows/apps/hh779727(v=win.10)},
    year={2015},
    month=aug # "~31",
    author={{Microsoft Documentation contributors}},
    title={Toast notification overview ({Windows Runtime} apps)}
}

@electronic{microsoft-toast-notification-schema,
    url={https://learn.microsoft.com/en-us/uwp/schemas/tiles/toastschema/schema-root},
    year={2022},
    month=aug # "~8",
    author={John Kennedy and {GitHub30} and Drew Batchelor and Kent Sharkey and Thomas Fennel and David Coulter and Karl Bridge and Mike Jacobs and Mark LeBLanc and Michael Satran},
    title={Toast schema}
}

@misc{dbus-source-code-address-argumen-and-listen-config,
    url={https://gitlab.freedesktop.org/dbus/dbus/-/blob/dbus-1.14/bus/bus.c#L489},
    year={2023},
    month=jun # "~30",
    author={{D-Bus contributors}},
    title={{bus.c}},
    note={Version 1.14}
}

@article{oliphant2007python,
  title={Python for scientific computing},
  author={Oliphant, Travis E},
  journal={Computing in science \& engineering},
  volume={9},
  number={3},
  pages={10--20},
  year={2007},
  publisher={IEEE}
}

@electronic{microsoft-devblogs-wslg-architecture,
    url={https://devblogs.microsoft.com/commandline/wslg-architecture/},
    year={2021},
    month=apr # "~19",
    author={Steve Pronovost},
    title={{WSLg} Architecture}
}

@article{lewis2018memory,
  title={Memory forensics and the {Windows Subsystem for Linux}},
  author={Lewis, Nathan and Case, Andrew and Ali-Gombe, Aisha and Richard III, Golden G},
  journal={Digital Investigation},
  volume={26},
  pages={S3--S11},
  year={2018},
  publisher={Elsevier}
}

@electronic{chromium-commit-linux-native-notifications-support,
    url={https://chromium.googlesource.com/chromium/src.git/+/49db099a77be5b377b63e41373840a2b8413e6ff},
    year={2017},
    month=may # "~18",
    author={Thomas Anderson},
    title={Commit 49db099a77be5b377b63e41373840a2b8413e6ff: "Linux native notifications: Require 'actions' and 'body' capabilities"}
}

@inproceedings{agarwal2021gui,
  title={GUI docker implementation: Run common graphics user applications inside docker container},
  author={Agarwal, Sheetal and Jain, Srishty and Kumar, Amit},
  booktitle={2021 10th International Conference on System Modeling \& Advancement in Research Trends (SMART)},
  pages={424--427},
  year={2021},
  organization={IEEE}
}

@article{emathinger2015unified,
  title={Unified Push Messaging for Web Applications},
  author={Emathinger, Paul},
  year={2015}
}

@electronic{omgubuntu-wsl-exits-beta,
    url={https://www.omgubuntu.co.uk/2017/07/windows-subsystem-linux-left-beta},
    year={2017},
    month=jul # "~30",
    author={Joey Sneddon},
    title={{Windows Subsystem for Linux} Exits Beta}
}

@electronic{polarsparc-introduction-to-wsl2,
    url={https://www.polarsparc.com/xhtml/IntroToWSL2.html},
    year={2023},
    month=jul # "~1",
    author={Bhaskar Swaminathan},
    title={Introduction to {WSL} 2}
}

@electronic{youtube-new-wsl-architecture,
    url={https://youtu.be/lwhMThePdIo?si=KVp_w59P3Ek03q3Y},
    year={2019},
    month=may # "~8",
    author={{Microsoft Developer}},
    title={The new {Windows} subsystem for {Linux} architecture: a deep dive - BRK3068}
}

@article{tozzi2016linux,
  title={Linux turns 25},
  author={Tozzi, Christopher},
  journal={IEEE Spectrum},
  volume={53},
  number={4},
  pages={48--56},
  year={2016},
  publisher={IEEE}
}

@misc{entrup2018architecture,
  title={Architecture of the Linux kernel},
  author={Entrup, Gerion and Herrmann, Felix and Matter, Sophie and Entrup, Elias and Jakob, Matthias and Eberhardt, Jan and Casselt, Mathias},
  year={2018},
  publisher={J}
}

@inproceedings{zhou2017scalability,
  title={On the scalability of Linux kernel maintainers' work},
  author={Zhou, Minghui and Chen, Qingying and Mockus, Audris and Wu, Fengguang},
  booktitle={Proceedings of the 2017 11th Joint Meeting on Foundations of Software Engineering},
  pages={27--37},
  year={2017}
}

@book{miller2022linux,
  title={Linux Administration Best Practices},
  author={Miller, Scott Alan},
  year={2022},
  publisher={Packt Publishing}
}

@article{thierry2022systematic,
  title={A systematic approach to understanding MACB timestamps on Unix-like systems},
  author={Thierry, Aur{\'e}lien and M{\"u}ller, Tilo},
  journal={Forensic Science International: Digital Investigation},
  volume={40},
  pages={301338},
  year={2022},
  publisher={Elsevier}
}

@article{adekotujo2020comparative,
  title={A Comparative Study of Operating Systems: Case of Windows, UNIX, Linux, Mac, Android and iOS},
  author={Adekotujo, Akinlolu and Odumabo, Adedoyin and Adedokun, Ademola and Aiyeniko, Olukayode},
  journal={International Journal of Computer Applications},
  volume={176},
  number={39},
  pages={16--23},
  year={2020}
}

@electronic{hp-ux-unix-certification-certificate,
    url={https://www.opengroup.org/openbrand/certificates/1188p.pdf},
    year={2023},
    author={{The Open Group}},
    title={{Open Brand Certificate (P1188)}}
}

@electronic{ibm-z-os-3-1-unix-certification-certificate,
    url={https://www.opengroup.org/openbrand/certificates/1218p.pdf},
    year={2023},
    author={{The Open Group}},
    title={{Open Brand Certificate (P1218)}}
}

@article{gorauskas2015managing,
  title={Managing services in Linux: past, present and future},
  author={Gorauskas, Jonas},
  journal={Linux Journal},
  volume={2015},
  number={251},
  pages={2},
  year={2015},
  publisher={Belltown Media Houston, TX}
}
