@misc{stackoverflow-developer-survey-2022-most-popular-os,
    url={https://survey.stackoverflow.co/2022#section-most-popular-technologies-operating-system}
}

@misc{stackoverflow-developer-survey-2023-most-popular-os,
    url={https://survey.stackoverflow.co/2023/#section-most-popular-technologies-operating-system}
}

@misc{jekyll-windows-unofficially-supported,
    url={https://jekyllrb.com/docs/installation/windows/}
}

@misc{zdnet-alexa-website-ranking-linux-dominance,
    url={https://www.zdnet.com/home-and-office/networking/can-the-internet-exist-without-linux/}
}

@misc{linux-dominance-on-public-cloud,
    url={https://www.developer.com/news/90-of-the-public-cloud-runs-on-linux/}
}

@misc{some-background-on-why-bouow-was-planned,
    url={https://blogs.windows.com/windowsdeveloper/2016/03/30/run-bash-on-ubuntu-on-windows/}
}

@misc{bouow-release-article,
    url={https://devblogs.microsoft.com/commandline/bash-on-ubuntu-on-windows-download-now-3/}
}

@article{bringing-afunix-to-windows,
    author={Sarah Cooley},
    title={AF\_UNIX comes to Windows},
    year={2017},
    url={https://devblogs.microsoft.com/commandline/af_unix-comes-to-windows/}
}

@misc{github-issues-afunix-not-supported-in-wsl2,
    title={Connection refused when using WSL/Windows Unix Socket interop},
    year={2022},
    url={https://github.com/microsoft/WSL/issues/8321#issuecomment-1110263384}
}

@misc{dbus-main-project-page,
    url={https://www.freedesktop.org/wiki/Software/dbus/}
}

@misc{qt-introduction-to-dbus,
    url={https://doc.qt.io/qt-6.5/qtdbus-overview.html}
}

@inproceedings{will2020trusted,
  title={A trusted message bus built on top of D-Bus},
  author={Will, Newton C and Heinrich, Tiago and Viescinski, Amanda B and Maziero, Carlos A},
  booktitle={Anais do XX Simp{\'o}sio Brasileiro em Seguran{\c{c}}a da Informa{\c{c}}{\~a}o e de Sistemas Computacionais},
  pages={175--187},
  year={2020},
  organization={SBC}
}

@techreport{problems-in-http-long-polling,
    title={Known issues and best practices for the use of long polling and streaming in bidirectional http},
    author={Loreto, Salvatore and Saint-Andre, Peter and Salsano, Stefano and Wilkins, Greg},
    year={2011}
}

@misc{msdocs-run-windows-tools-from-linux,
    title={Working across Windows and Linux file systems},
    url={https://learn.microsoft.com/en-us/windows/wsl/filesystems#run-windows-tools-from-linux}
}

@manual{dbus-daemon-man-page,
    author={D-Bus Authors},
    url={https://dbus.freedesktop.org/doc/dbus-daemon.1.html}
}

@misc{tied-stdin-and-stdout-ascii-diagram-source,
    url={https://superuser.com/questions/1101447/two-programs-having-their-stdin-and-stdout-tied}
}

@manual{dbus-specification,
    title={D-Bus Specification},
    url={https://dbus.freedesktop.org/doc/dbus-specification.html}
}

@article{garcia2014analysis,
  title={Analysis of operating system diversity for intrusion tolerance},
  author={Garcia, Miguel and Bessani, Alysson and Gashi, Ilir and Neves, Nuno and Obelheiro, Rafael},
  journal={Softw. Pract. Exper},
  volume={44},
  pages={735--770},
  year={2014},
  publisher={Citeseer}
}

@misc{origin-of-the-shell-name,
    author={Louis Pouzin},
    url={https://multicians.org/shell.html}
}

@misc{shell-jargon-explanation,
    url={http://www.catb.org/jargon/html/S/shell.html}
}
